
              </marcx:collection>
              <identifier>870971-tsart:34497745</identifier>
              <primaryObjectIdentifier>870971-tsart:34497745</primaryObjectIdentifier>
              <creationDate>2011-02-14</creationDate>
              <formatsAvailable>
                <format>dkabm</format>
                <format>marcxchange</format>
              </formatsAvailable>
              <unitMembers>
                <identifier>870971-tsart:34497745</identifier>
              </unitMembers>
            </object>
          </collection>
        </searchResult>
        <searchResult>
          <collection>
            <resultPosition>2</resultPosition>
            <numberOfObjects>1</numberOfObjects>
            <object>
              <marcx:collection>
                <marcx:record format="danMARC2" type="Bibliographic">
                  <marcx:leader>00000n    2200000   4500</marcx:leader>
                  <marcx:datafield ind1="0" ind2="0" tag="001">
                    <marcx:subfield code="a">45235394</marcx:subfield>
                    <marcx:subfield code="b">870970</marcx:subfield>
                    <marcx:subfield code="c">20120628132009</marcx:subfield>
                    <marcx:subfield code="d">20120525</marcx:subfield>
                    <marcx:subfield code="f">a</marcx:subfield>
                  </marcx:datafield>
                  <marcx:datafield ind1="0" ind2="0" tag="002">
                    <marcx:subfield code="b">785100</marcx:subfield>
                    <marcx:subfield code="c">95581129</marcx:subfield>
                    <marcx:subfield code="x">78510095581129</marcx:subfield>
                  </marcx:datafield>
                  <marcx:datafield ind1="0" ind2="0" tag="004">
                    <marcx:subfield code="a">e</marcx:subfield>
                    <marcx:subfield code="r">c</marcx:subfield>
                  </marcx:datafield>
                  <marcx:datafield ind1="0" ind2="0" tag="008">
                    <marcx:subfield code="t">m</marcx:subfield>
                    <marcx:subfield code="v">0</marcx:subfield>
                    <marcx:subfield code="u">f</marcx:subfield>
                    <marcx:subfield code="a">2011</marcx:subfield>
                    <marcx:subfield code="l">eng</marcx:subfield>
                    <marcx:subfield code="b">gb</marcx:subfield>
                    <marcx:subfield code="d">y</marcx:subfield>
                    <marcx:subfield code="x">06</marcx:subfield>
                  </marcx:datafield>
                  <marcx:datafield ind1="0" ind2="0" tag="009">
                    <marcx:subfield code="a">a</marcx:subfield>
                    <marcx:subfield code="g">xx</marcx:subfield>
                  </marcx:datafield>
                  <marcx:datafield ind1="0" ind2="0" tag="021">
                    <marcx:subfield code="e">9781908674036</marcx:subfield>
                  </marcx:datafield>
                  <marcx:datafield ind1="0" ind2="0" tag="245">
                    <marcx:subfield code="a">Elder scrolls V</marcx:subfield>
                    <marcx:subfield code="c">Skyrim official strategy guide</marcx:subfield>
                  </marcx:datafield>
                  <marcx:datafield ind1="0" ind2="0" tag="260">
                    <marcx:subfield code="a">London</marcx:subfield>
                    <marcx:subfield code="b">ZeniMax Europe</marcx:subfield>
                    <marcx:subfield code="b">Bethesda Softworks</marcx:subfield>
                    <marcx:subfield code="c">2011</marcx:subfield>
                  </marcx:datafield>
                  <marcx:datafield ind1="0" ind2="0" tag="300">
                    <marcx:subfield code="a">655 sider</marcx:subfield>
                    <marcx:subfield code="b">ill. i farver</marcx:subfield>
                    <marcx:subfield code="c">28 cm</marcx:subfield>
                    <marcx:subfield code="d">1 kort</marcx:subfield>
                  </marcx:datafield>
                  <marcx:datafield ind1="0" ind2="0" tag="505">
                    <marcx:subfield code="a">Spilguide</marcx:subfield>
                  </marcx:datafield>
                  <marcx:datafield ind1="0" ind2="0" tag="512">
                    <marcx:subfield code="a">På omslaget: Covers Xbox 360, PlayStation 3, PC</marcx:subfield>
                  </marcx:datafield>
                  <marcx:datafield ind1="0" ind2="0" tag="652">
                    <marcx:subfield code="m">79.41</marcx:subfield>
                  </marcx:datafield>
                  <marcx:datafield ind1="0" ind2="0" tag="666">
                    <marcx:subfield code="o">computerspil</marcx:subfield>
                  </marcx:datafield>
                  <marcx:datafield ind1="0" ind2="0" tag="666">
                    <marcx:subfield code="o">rollespil</marcx:subfield>
                  </marcx:datafield>
                  <marcx:datafield ind1="0" ind2="0" tag="666">
                    <marcx:subfield code="o">vejledninger</marcx:subfield>
                  </marcx:datafield>
                  <marcx:datafield ind1="0" ind2="0" tag="700">
                    <marcx:subfield code="a">Hodgson</marcx:subfield>
                    <marcx:subfield code="h">David S. J.</marcx:subfield>
                    <marcx:subfield code="4">aut</marcx:subfield>
                  </marcx:datafield>
                  <marcx:datafield ind1="0" ind2="0" tag="700">
                    <marcx:subfield code="a">Stratton</marcx:subfield>
                    <marcx:subfield code="h">Steve</marcx:subfield>
                    <marcx:subfield code="4">aut</marcx:subfield>
                  </marcx:datafield>
                  <marcx:datafield ind1="0" ind2="0" tag="745">
                    <marcx:subfield code="a">Skyrim official strategy guide</marcx:subfield>
                  </marcx:datafield>
                  <marcx:datafield ind1="0" ind2="0" tag="996">
                    <marcx:subfield code="a">785100</marcx:subfield>
                  </marcx:datafield>
                </marcx:record>